<collection xmlns="http://www.loc.gov/MARC21/slim"><record><leader>00667nam  2200217   450</leader><controlfield tag="001">197</controlfield><controlfield tag="003">http://montalegre.opacnet.com/OPAC/default.aspx?ContentAreaControl=ShowRegHoldings.ascx&amp;RegNo=16662</controlfield><datafield tag="095" ind1=" " ind2=" "><subfield code="a">PTBN00825682</subfield></datafield><datafield tag="100" ind1=" " ind2=" "><subfield code="a">19960814d1969    m  y0pory010305  ba</subfield></datafield><datafield tag="101" ind1="1" ind2=" "><subfield code="a">por</subfield><subfield code="c">eng</subfield></datafield><datafield tag="102" ind1=" " ind2=" "><subfield code="a">PT</subfield></datafield><datafield tag="106" ind1=" " ind2=" "><subfield code="a">r</subfield></datafield><datafield tag="200" ind1="1" ind2=" "><subfield code="a">Altiva cidadela</subfield><subfield code="e">romance</subfield><subfield code="f">Theresa Charles</subfield><subfield code="g">trad. de Fernanda Pinto Rodrigues</subfield></datafield><datafield tag="210" ind1=" " ind2=" "><subfield code="a">Lisboa</subfield><subfield code="c">Minerva</subfield><subfield code="d">1969</subfield></datafield><datafield tag="215" ind1=" " ind2=" "><subfield code="a">267 p.</subfield><subfield code="d">19 cm</subfield></datafield><datafield tag="225" ind1="2" ind2=" "><subfield code="a">Minerva</subfield><subfield code="i">Série Branca</subfield></datafield><datafield tag="304" ind1=" " ind2=" "><subfield code="a">Tit. orig.: Proud citadel</subfield></datafield><datafield tag="675" ind1=" " ind2=" "><subfield code="a">821</subfield><subfield code="z">por</subfield></datafield><datafield tag="700" ind1=" " ind2="1"><subfield code="a">Theresa</subfield><subfield code="b">Charles</subfield></datafield><datafield tag="702" ind1=" " ind2="1"><subfield code="a">Rodrigues</subfield><subfield code="b">Fernanda Pinto</subfield><subfield code="4">730</subfield></datafield><datafield tag="801" ind1=" " ind2="0"><subfield code="a">PT</subfield><subfield code="b">Biblioteca Municipal de Montalegre</subfield><subfield code="g">RPC</subfield></datafield><datafield tag="909" ind1="&#9;" ind2=" "><subfield code="a">1</subfield></datafield><datafield tag="966" ind1=" " ind2=" "><subfield code="a">0009143</subfield><subfield code="l">BMM</subfield><subfield code="s">SCG 821 CHA alt</subfield></datafield></record></collection>